TrackedAgent1: posts small blind $5.00, Player money in pot: $5.00, Player stack: $494.00
Rebel: posts big blind $10.00, Player money in pot: $10.00, Player stack: $489.00
player_3: raises $489.00 to $499.00 and is all-in
player_4: folds, Player money in pot: $0.00, Player stack: $499
player_5: calls $499 and is all-in, Player money in pot: $499.00, Player stack: $0.00
player_6: folds, Player money in pot: $0.00, Player stack: $499
TrackedAgent1: folds, Player money in pot: $0.00, Player stack: $499
Rebel: calls $499 and is all-in, Player money in pot: $499.00, Player stack: $0.00
*** FLOP *** [Td 8h 3c]
*** TURN *** [Td 8h 3c] [Js]
*** RIVER *** [Td 8h 3c Js] [4d]
*** SHOW DOWN ***
Rebel: shows [5h Jc] (a pair of Jacks)
player_3: shows [3s 8d] (two pair, Eights and Threes)
player_5: shows [6c 7c] (High card Jack)
Rebel lost $499.00
player_3 won $998.00
player_5 lost $499.00
player_3 collected $7485.00 from pot
*** SUMMARY ***
Total pot $7485.00 | Rake $0.00
Board [Td 8h 3c Js 4d]
Rebel: posts small blind $5.00, Player money in pot: $504.00, Player stack: $-5.00
player_3: posts big blind $10.00, Player money in pot: $509.00, Player stack: $-10.00
player_4: calls $10, Player money in pot: $10.00, Player stack: $489.00
player_5: calls $10, Player money in pot: $10.00, Player stack: $489.00
player_6: folds, Player money in pot: $0.00, Player stack: $499
TrackedAgent1: raises $200.42 to $210.42
Rebel: calls $210.42, Player money in pot: $210.42, Player stack: $288.58
player_3: raises $288.58 to $499.00 and is all-in
player_4: folds, Player money in pot: $10.00, Player stack: $489
player_5: calls $489 and is all-in, Player money in pot: $499.00, Player stack: $0.00
TrackedAgent1: folds, Player money in pot: $210.42, Player stack: $288.58000000000004
Rebel: calls $288.58000000000004 and is all-in, Player money in pot: $499.00, Player stack: $0.00
*** FLOP *** [5d Qd 2h]
*** TURN *** [5d Qd 2h] [8c]
*** RIVER *** [5d Qd 2h 8c] [Jh]
*** SHOW DOWN ***
Rebel: shows [9c 6s] (High card Queen)
player_3: shows [4h 4s] (a pair of Fours)
player_5: shows [7d 6d] (High card Queen)
Rebel lost $499.00
player_3 won $998.00
player_5 lost $499.00
player_3 collected $7485.00 from pot
*** SUMMARY ***
Total pot $8587.10 | Rake $0.00
Board [5d Qd 2h 8c Jh]
player_3: posts small blind $5.00, Player money in pot: $504.00, Player stack: $-5.00
player_4: posts big blind $10.00, Player money in pot: $20.00, Player stack: $479.00
player_5: calls $10, Player money in pot: $10.00, Player stack: $489.00
player_6: folds, Player money in pot: $0.00, Player stack: $499
TrackedAgent1: folds, Player money in pot: $0.00, Player stack: $499
Rebel: folds
player_3: raises $489.00 to $499.00 and is all-in
player_4: folds, Player money in pot: $0.00, Player stack: $499
player_5: calls $489 and is all-in, Player money in pot: $499.00, Player stack: $0.00
*** FLOP *** [4d Qh 8s]
*** TURN *** [4d Qh 8s] [6s]
*** RIVER *** [4d Qh 8s 6s] [9c]
*** SHOW DOWN ***
player_3: shows [3c Ts] (High card Queen)
player_5: shows [2c Ah] (High card Ace)
player_3 lost $499.00
player_5 won $499.00
player_5 collected $4990.00 from pot
*** SUMMARY ***
Total pot $4990.00 | Rake $0.00
Board [4d Qh 8s 6s 9c]
player_4: posts small blind $5.00, Player money in pot: $5.00, Player stack: $494.00
player_5: posts big blind $10.00, Player money in pot: $509.00, Player stack: $-10.00
player_6: folds, Player money in pot: $0.00, Player stack: $499
TrackedAgent1: raises $277.58 to $287.58
Rebel: folds
player_3: folds
player_4: calls $287.58, Player money in pot: $287.58, Player stack: $211.42
player_5: calls $287.58, Player money in pot: $287.58, Player stack: $211.42
*** FLOP *** [6h Kh 3c]
TrackedAgent1: bets $170.2, Player money in pot: $457.78, Player stack: $41.22
player_4: folds, Player money in pot: $287.58, Player stack: $211.42000000000002
player_5: calls $170.2, Player money in pot: $457.78, Player stack: $41.22
*** TURN *** [6h Kh 3c] [9d]
TrackedAgent1: checks, Player money in pot: $457.78, Player stack: $41.22000000000003
player_5: checks
*** RIVER *** [6h Kh 3c 9d] [7s]
TrackedAgent1: checks, Player money in pot: $457.78, Player stack: $41.22000000000003
player_5: checks
*** SHOW DOWN ***
TrackedAgent1: shows [2h Ah] (High card Ace)
player_5: shows [7c Ts] (a pair of Sevens)
TrackedAgent1 lost $457.78
player_5 won $457.78
player_5 collected $4577.80 from pot
*** SUMMARY ***
Total pot $6015.70 | Rake $0.00
Board [6h Kh 3c 9d 7s]
player_5: posts small blind $5.00, Player money in pot: $462.78, Player stack: $36.22
player_6: posts big blind $10.00, Player money in pot: $10.00, Player stack: $489.00
TrackedAgent1: folds, Player money in pot: $0.00, Player stack: $499
Rebel: folds, Player money in pot: $0.00, Player stack: $499
player_3: raises $489.00 to $499.00 and is all-in
player_4: calls $499 and is all-in, Player money in pot: $499.00, Player stack: $0.00
player_5: calls $499 and is all-in, Player money in pot: $499.00, Player stack: $0.00
player_6: folds, Player money in pot: $0.00, Player stack: $499
*** FLOP *** [6d 5h 5d]
*** TURN *** [6d 5h 5d] [Ts]
*** RIVER *** [6d 5h 5d Ts] [2c]
*** SHOW DOWN ***
player_3: shows [7c 3s] (a pair of Fives)
player_4: shows [3h 4h] (a straight, Two to Six)
player_5: shows [6c 7h] (two pair, Sixes and Fives)
player_3 lost $499.00
player_4 won $998.00
player_5 lost $499.00
player_4 collected $7485.00 from pot
*** SUMMARY ***
Total pot $7485.00 | Rake $0.00
Board [6d 5h 5d Ts 2c]
player_6: posts small blind $5.00, Player money in pot: $5.00, Player stack: $494.00
TrackedAgent1: posts big blind $10.00, Player money in pot: $10.00, Player stack: $489.00
Rebel: folds
player_3: raises $489.00 to $499.00 and is all-in
player_4: calls $499 and is all-in, Player money in pot: $499.00, Player stack: $0.00
player_5: calls $499 and is all-in, Player money in pot: $499.00, Player stack: $0.00
player_6: folds, Player money in pot: $0.00, Player stack: $499
TrackedAgent1: folds, Player money in pot: $0.00, Player stack: $499
*** FLOP *** [8h 5d 8c]
*** TURN *** [8h 5d 8c] [Qs]
*** RIVER *** [8h 5d 8c Qs] [4c]
*** SHOW DOWN ***
player_3: shows [Jc Jh] (two pair, Jacks and Eights)
player_4: shows [7d 3s] (a pair of Eights)
player_5: shows [7s Jd] (a pair of Eights)
player_3 won $998.00
player_4 lost $499.00
player_5 lost $499.00
player_3 collected $7485.00 from pot
*** SUMMARY ***
Total pot $7485.00 | Rake $0.00
Board [8h 5d 8c Qs 4c]
TrackedAgent1: posts small blind $5.00, Player money in pot: $5.00, Player stack: $494.00
Rebel: posts big blind $10.00, Player money in pot: $10.00, Player stack: $489.00
player_3: raises $489.00 to $499.00 and is all-in
player_4: calls $499 and is all-in, Player money in pot: $499.00, Player stack: $0.00
player_5: calls $499 and is all-in, Player money in pot: $499.00, Player stack: $0.00
player_6: folds, Player money in pot: $0.00, Player stack: $499
TrackedAgent1: folds, Player money in pot: $0.00, Player stack: $499
Rebel: folds
*** FLOP *** [5s 5h Th]
*** TURN *** [5s 5h Th] [9c]
*** RIVER *** [5s 5h Th 9c] [2h]
*** SHOW DOWN ***
player_3: shows [3c 9h] (two pair, Nines and Fives)
player_4: shows [Ks 4c] (a pair of Fives)
player_5: shows [4s 9s] (two pair, Nines and Fives)
player_3 won $249.50
player_4 lost $499.00
player_5 won $249.50
player_3 collected $3742.50 from pot
player_5 collected $3742.50 from pot
*** SUMMARY ***
Total pot $7485.00 | Rake $0.00
Board [5s 5h Th 9c 2h]
Rebel: posts small blind $5.00, Player money in pot: $5.00, Player stack: $494.00
player_3: posts big blind $10.00, Player money in pot: $509.00, Player stack: $-10.00
player_4: raises $190.96 to $200.96
player_5: calls $200.96, Player money in pot: $200.96, Player stack: $298.04
player_6: folds, Player money in pot: $0.00, Player stack: $499
TrackedAgent1: raises $214.14 to $415.10
Rebel: folds, Player money in pot: $0.00, Player stack: $499
player_3: folds
player_4: calls $214.14000000000001, Player money in pot: $415.10, Player stack: $83.90
player_5: calls $214.14000000000001, Player money in pot: $415.10, Player stack: $83.90
*** FLOP *** [7d 4h Jd]
TrackedAgent1: checks, Player money in pot: $415.10, Player stack: $83.89999999999998
player_4: bets $12.06, Player money in pot: $427.16, Player stack: $71.84
player_5: calls $12.06, Player money in pot: $427.16, Player stack: $71.84
TrackedAgent1: folds, Player money in pot: $415.10, Player stack: $83.89999999999998
*** TURN *** [7d 4h Jd] [8c]
player_4: bets $21.31, Player money in pot: $448.47, Player stack: $50.53
player_5: calls $21.31, Player money in pot: $448.47, Player stack: $50.53
*** RIVER *** [7d 4h Jd 8c] [As]
player_4: checks, Player money in pot: $448.47, Player stack: $50.529999999999944
player_5: checks
*** SHOW DOWN ***
player_4: shows [Qd Js] (a pair of Jacks)
player_5: shows [4d 9h] (a pair of Fours)
player_4 won $448.47
player_5 lost $448.47
player_4 collected $4484.70 from pot
*** SUMMARY ***
Total pot $6560.20 | Rake $0.00
Board [7d 4h Jd 8c As]
player_3: posts small blind $5.00, Player money in pot: $5.00, Player stack: $494.00
player_4: posts big blind $10.00, Player money in pot: $458.47, Player stack: $40.53
player_5: calls $10, Player money in pot: $10.00, Player stack: $489.00
player_6: folds, Player money in pot: $0.00, Player stack: $499
TrackedAgent1: folds, Player money in pot: $0.00, Player stack: $499
Rebel: raises $75.24 to $85.24
player_3: raises $413.76 to $499.00 and is all-in
player_4: folds, Player money in pot: $0.00, Player stack: $499
player_5: calls $489 and is all-in, Player money in pot: $499.00, Player stack: $0.00
Rebel: folds, Player money in pot: $85.24, Player stack: $413.76
*** FLOP *** [4c As Qs]
*** TURN *** [4c As Qs] [2h]
*** RIVER *** [4c As Qs 2h] [Td]
*** SHOW DOWN ***
player_3: shows [3d Kc] (High card Ace)
player_5: shows [8d 6h] (High card Ace)
player_3 won $499.00
player_5 lost $499.00
player_3 collected $4990.00 from pot
*** SUMMARY ***
Total pot $5416.20 | Rake $0.00
Board [4c As Qs 2h Td]
player_4: posts small blind $5.00, Player money in pot: $5.00, Player stack: $494.00
player_5: posts big blind $10.00, Player money in pot: $509.00, Player stack: $-10.00
player_6: folds, Player money in pot: $0.00, Player stack: $499
TrackedAgent1: folds, Player money in pot: $0.00, Player stack: $499
Rebel: calls $10, Player money in pot: $10.00, Player stack: $489.00
player_3: raises $489.00 to $499.00 and is all-in
player_4: folds, Player money in pot: $0.00, Player stack: $499
player_5: calls $499 and is all-in, Player money in pot: $499.00, Player stack: $0.00
Rebel: folds, Player money in pot: $10.00, Player stack: $489
*** FLOP *** [Tc Qh 5c]
*** TURN *** [Tc Qh 5c] [Kd]
*** RIVER *** [Tc Qh 5c Kd] [4h]
*** SHOW DOWN ***
player_3: shows [8c 4c] (a pair of Fours)
player_5: shows [9h 7s] (High card King)
player_3 won $499.00
player_5 lost $499.00
player_3 collected $4990.00 from pot
*** SUMMARY ***
Total pot $5040.00 | Rake $0.00
Board [Tc Qh 5c Kd 4h]
player_5: posts small blind $5.00, Player money in pot: $504.00, Player stack: $-5.00
player_6: posts big blind $10.00, Player money in pot: $10.00, Player stack: $489.00
TrackedAgent1: folds, Player money in pot: $0.00, Player stack: $499
Rebel: folds
player_3: raises $489.00 to $499.00 and is all-in
player_4: folds, Player money in pot: $0.00, Player stack: $499
player_5: calls $499 and is all-in, Player money in pot: $499.00, Player stack: $0.00
player_6: folds, Player money in pot: $0.00, Player stack: $499
*** FLOP *** [9c 6s 4d]
*** TURN *** [9c 6s 4d] [2d]
*** RIVER *** [9c 6s 4d 2d] [5h]
*** SHOW DOWN ***
player_3: shows [4s 3c] (a straight, Two to Six)
player_5: shows [2s 9h] (two pair, Nines and Twos)
player_3 won $499.00
player_5 lost $499.00
player_3 collected $4990.00 from pot
*** SUMMARY ***
Total pot $4990.00 | Rake $0.00
Board [9c 6s 4d 2d 5h]
player_6: posts small blind $5.00, Player money in pot: $5.00, Player stack: $494.00
TrackedAgent1: posts big blind $10.00, Player money in pot: $10.00, Player stack: $489.00
Rebel: folds
player_3: raises $489.00 to $499.00 and is all-in
player_4: folds, Player money in pot: $0.00, Player stack: $499
player_5: calls $499 and is all-in, Player money in pot: $499.00, Player stack: $0.00
player_6: folds, Player money in pot: $0.00, Player stack: $499
TrackedAgent1: folds, Player money in pot: $0.00, Player stack: $499
*** FLOP *** [6c Qd Ac]
*** TURN *** [6c Qd Ac] [4d]
*** RIVER *** [6c Qd Ac 4d] [3c]
*** SHOW DOWN ***
player_3: shows [Ad Qc] (two pair, Aces and Queens)
player_5: shows [7s 2c] (High card Ace)
player_3 won $499.00
player_5 lost $499.00
player_3 collected $4990.00 from pot
*** SUMMARY ***
Total pot $4990.00 | Rake $0.00
Board [6c Qd Ac 4d 3c]
